%YAML 1.1
%TAG !u! tag:unity3d.com,2011:
--- !u!1 &125370
GameObject:
  m_ObjectHideFlags: 0
  m_PrefabParentObject: {fileID: 0}
  m_PrefabInternal: {fileID: 100100000}
  serializedVersion: 4
  m_Component:
  - 4: {fileID: 415054}
  - 212: {fileID: 21225778}
  - 50: {fileID: 5072254}
  - 114: {fileID: 11464912}
  - 60: {fileID: 6076644}
  m_Layer: 8
  m_Name: st_Small
  m_TagString: Untagged
  m_Icon: {fileID: 0}
  m_NavMeshLayer: 0
  m_StaticEditorFlags: 0
  m_IsActive: 1
--- !u!4 &415054
Transform:
  m_ObjectHideFlags: 1
  m_PrefabParentObject: {fileID: 0}
  m_PrefabInternal: {fileID: 100100000}
  m_GameObject: {fileID: 125370}
  m_LocalRotation: {x: 0, y: 0, z: 0, w: 1}
  m_LocalPosition: {x: 14.760251, y: -199.66386, z: 0}
  m_LocalScale: {x: 1, y: 1, z: 1}
  m_Children: []
  m_Father: {fileID: 0}
  m_RootOrder: 0
--- !u!50 &5072254
Rigidbody2D:
  serializedVersion: 2
  m_ObjectHideFlags: 1
  m_PrefabParentObject: {fileID: 0}
  m_PrefabInternal: {fileID: 100100000}
  m_GameObject: {fileID: 125370}
  m_UseAutoMass: 0
  m_Mass: 0.1
  m_LinearDrag: 0.25
  m_AngularDrag: 0.25
  m_GravityScale: 1
  m_IsKinematic: 0
  m_Interpolate: 0
  m_SleepingMode: 1
  m_CollisionDetection: 0
  m_Constraints: 0
--- !u!60 &6076644
PolygonCollider2D:
  m_ObjectHideFlags: 1
  m_PrefabParentObject: {fileID: 0}
  m_PrefabInternal: {fileID: 100100000}
  m_GameObject: {fileID: 125370}
  m_Enabled: 1
  m_Density: 1
  m_Material: {fileID: 0}
  m_IsTrigger: 0
  m_UsedByEffector: 0
  m_Offset: {x: 0, y: 0}
  m_Points:
    m_Paths:
    - - {x: 0.10614109, y: 0.23538208}
      - {x: -0.09583664, y: 0.2291565}
      - {x: -0.17588043, y: 0.1722107}
      - {x: -0.22615719, y: 0.040649414}
      - {x: -0.20497417, y: -0.014953613}
      - {x: -0.16897678, y: -0.18476868}
      - {x: -0.074456215, y: -0.20423889}
      - {x: 0.036837578, y: -0.2403717}
      - {x: 0.19366169, y: -0.17854309}
      - {x: 0.22999382, y: -0.13279724}
      - {x: 0.261096, y: -0.07260132}
      - {x: 0.21504116, y: 0.033981323}
      - {x: 0.20554733, y: 0.19190979}
--- !u!114 &11464912
MonoBehaviour:
  m_ObjectHideFlags: 1
  m_PrefabParentObject: {fileID: 0}
  m_PrefabInternal: {fileID: 100100000}
  m_GameObject: {fileID: 125370}
  m_Enabled: 1
  m_EditorHideFlags: 0
  m_Script: {fileID: 11500000, guid: 0f70d5c94536eaa41a2753924b8272e1, type: 3}
  m_Name: 
  m_EditorClassIdentifier: 
  resistance: 200
  damagedAppearance: {fileID: 21300114, guid: f92e9ff101ab81c4a8984941173a5f6f, type: 3}
  score: 50
  damageSpeedThreshold: 2
  particlePrefabs: {fileID: 187562, guid: aa4d032ce4c4cc54fa93cc56df3d1ae9, type: 2}
  scoreTextPrefab: {fileID: 189066, guid: dcd28bff9de717e4293e769513447b6f, type: 2}
  materialName: Rock
--- !u!212 &21225778
SpriteRenderer:
  m_ObjectHideFlags: 1
  m_PrefabParentObject: {fileID: 0}
  m_PrefabInternal: {fileID: 100100000}
  m_GameObject: {fileID: 125370}
  m_Enabled: 1
  m_CastShadows: 0
  m_ReceiveShadows: 0
  m_Materials:
  - {fileID: 10754, guid: 0000000000000000e000000000000000, type: 0}
  m_SubsetIndices: 
  m_StaticBatchRoot: {fileID: 0}
  m_UseLightProbes: 0
  m_ReflectionProbeUsage: 0
  m_ProbeAnchor: {fileID: 0}
  m_ScaleInLightmap: 1
  m_PreserveUVs: 0
  m_IgnoreNormalsForChartDetection: 0
  m_ImportantGI: 0
  m_MinimumChartSize: 4
  m_AutoUVMaxDistance: 0.5
  m_AutoUVMaxAngle: 89
  m_LightmapParameters: {fileID: 0}
  m_SortingLayerID: 0
  m_SortingOrder: 0
  m_Sprite: {fileID: 21300114, guid: f92e9ff101ab81c4a8984941173a5f6f, type: 3}
  m_Color: {r: 1, g: 1, b: 1, a: 1}
  m_FlipX: 0
  m_FlipY: 0
--- !u!1001 &100100000
Prefab:
  m_ObjectHideFlags: 1
  serializedVersion: 2
  m_Modification:
    m_TransformParent: {fileID: 0}
    m_Modifications:
    - target: {fileID: 0}
      propertyPath: damagedAppearance
      value: 
      objectReference: {fileID: 0}
    - target: {fileID: 0}
      propertyPath: resistance
      value: 30
      objectReference: {fileID: 0}
    - target: {fileID: 0}
      propertyPath: materialName
      value: Rock
      objectReference: {fileID: 0}
    - target: {fileID: 0}
      propertyPath: score
      value: 50
      objectReference: {fileID: 0}
    - target: {fileID: 0}
      propertyPath: scoreTextPrefab
      value: 
      objectReference: {fileID: 189066, guid: dcd28bff9de717e4293e769513447b6f, type: 2}
    m_RemovedComponents: []
  m_ParentPrefab: {fileID: 0}
  m_RootGameObject: {fileID: 125370}
  m_IsPrefabParent: 1
