%YAML 1.1
%TAG !u! tag:unity3d.com,2011:
--- !u!1 &135174
GameObject:
  m_ObjectHideFlags: 0
  m_PrefabParentObject: {fileID: 0}
  m_PrefabInternal: {fileID: 100100000}
  serializedVersion: 4
  m_Component:
  - 4: {fileID: 475222}
  - 212: {fileID: 21281610}
  - 114: {fileID: 11452950}
  - 61: {fileID: 6187946}
  - 50: {fileID: 5040768}
  m_Layer: 0
  m_Name: Pipes11
  m_TagString: Masaleh
  m_Icon: {fileID: 0}
  m_NavMeshLayer: 0
  m_StaticEditorFlags: 0
  m_IsActive: 1
--- !u!4 &475222
Transform:
  m_ObjectHideFlags: 1
  m_PrefabParentObject: {fileID: 0}
  m_PrefabInternal: {fileID: 100100000}
  m_GameObject: {fileID: 135174}
  m_LocalRotation: {x: 0, y: 0, z: 0, w: 1}
  m_LocalPosition: {x: 4.6728687, y: -197.09769, z: 0}
  m_LocalScale: {x: 1, y: 1, z: 1}
  m_Children: []
  m_Father: {fileID: 0}
  m_RootOrder: 0
--- !u!50 &5040768
Rigidbody2D:
  serializedVersion: 2
  m_ObjectHideFlags: 1
  m_PrefabParentObject: {fileID: 0}
  m_PrefabInternal: {fileID: 100100000}
  m_GameObject: {fileID: 135174}
  m_UseAutoMass: 0
  m_Mass: 0.06
  m_LinearDrag: 0.25
  m_AngularDrag: 0.25
  m_GravityScale: 1
  m_IsKinematic: 0
  m_Interpolate: 0
  m_SleepingMode: 1
  m_CollisionDetection: 0
  m_Constraints: 0
--- !u!61 &6187946
BoxCollider2D:
  m_ObjectHideFlags: 1
  m_PrefabParentObject: {fileID: 0}
  m_PrefabInternal: {fileID: 100100000}
  m_GameObject: {fileID: 135174}
  m_Enabled: 1
  m_Density: 1
  m_Material: {fileID: 0}
  m_IsTrigger: 0
  m_UsedByEffector: 0
  m_Offset: {x: 0.109059334, y: 0.012817383}
  serializedVersion: 2
  m_Size: {x: 0.6396034, y: 2.05582}
--- !u!114 &11452950
MonoBehaviour:
  m_ObjectHideFlags: 1
  m_PrefabParentObject: {fileID: 0}
  m_PrefabInternal: {fileID: 100100000}
  m_GameObject: {fileID: 135174}
  m_Enabled: 1
  m_EditorHideFlags: 0
  m_Script: {fileID: 11500000, guid: 0f70d5c94536eaa41a2753924b8272e1, type: 3}
  m_Name: 
  m_EditorClassIdentifier: 
  resistance: 25
  damagedAppearance: {fileID: 21300016, guid: 46d4ed38a8d5a4f46974bd0b02cab822, type: 3}
  score: 20
  destructionSpeedThreshold: 7
  damageSpeedThreshold: 2
  particlePrefabs: {fileID: 0}
  scoreTextPrefab: {fileID: 0}
  materialName: Metal
  isGeneratingOtherMasaleh: 0
--- !u!212 &21281610
SpriteRenderer:
  m_ObjectHideFlags: 1
  m_PrefabParentObject: {fileID: 0}
  m_PrefabInternal: {fileID: 100100000}
  m_GameObject: {fileID: 135174}
  m_Enabled: 1
  m_CastShadows: 0
  m_ReceiveShadows: 0
  m_Materials:
  - {fileID: 10754, guid: 0000000000000000e000000000000000, type: 0}
  m_SubsetIndices: 
  m_StaticBatchRoot: {fileID: 0}
  m_UseLightProbes: 0
  m_ReflectionProbeUsage: 0
  m_ProbeAnchor: {fileID: 0}
  m_ScaleInLightmap: 1
  m_PreserveUVs: 0
  m_IgnoreNormalsForChartDetection: 0
  m_ImportantGI: 0
  m_MinimumChartSize: 4
  m_AutoUVMaxDistance: 0.5
  m_AutoUVMaxAngle: 89
  m_LightmapParameters: {fileID: 0}
  m_SortingLayerID: 0
  m_SortingOrder: 0
  m_Sprite: {fileID: 21300016, guid: 46d4ed38a8d5a4f46974bd0b02cab822, type: 3}
  m_Color: {r: 1, g: 1, b: 1, a: 1}
  m_FlipX: 0
  m_FlipY: 0
--- !u!1001 &100100000
Prefab:
  m_ObjectHideFlags: 1
  serializedVersion: 2
  m_Modification:
    m_TransformParent: {fileID: 0}
    m_Modifications:
    - target: {fileID: 0}
      propertyPath: m_TagString
      value: Masaleh
      objectReference: {fileID: 0}
    - target: {fileID: 0}
      propertyPath: m_LinearDrag
      value: 0.25
      objectReference: {fileID: 0}
    - target: {fileID: 0}
      propertyPath: m_AngularDrag
      value: 0.25
      objectReference: {fileID: 0}
    - target: {fileID: 0}
      propertyPath: resistance
      value: 25
      objectReference: {fileID: 0}
    - target: {fileID: 0}
      propertyPath: score
      value: 20
      objectReference: {fileID: 0}
    - target: {fileID: 0}
      propertyPath: m_Mass
      value: 0.06
      objectReference: {fileID: 0}
    - target: {fileID: 0}
      propertyPath: materialName
      value: Metal
      objectReference: {fileID: 0}
    m_RemovedComponents: []
  m_ParentPrefab: {fileID: 0}
  m_RootGameObject: {fileID: 135174}
  m_IsPrefabParent: 1
