%YAML 1.1
%TAG !u! tag:unity3d.com,2011:
--- !u!1 &175606
GameObject:
  m_ObjectHideFlags: 0
  m_PrefabParentObject: {fileID: 0}
  m_PrefabInternal: {fileID: 100100000}
  serializedVersion: 4
  m_Component:
  - 4: {fileID: 464850}
  - 212: {fileID: 21226742}
  - 50: {fileID: 5011162}
  - 114: {fileID: 11400618}
  - 61: {fileID: 6192262}
  m_Layer: 8
  m_Name: Wood_Box
  m_TagString: Masaleh
  m_Icon: {fileID: 0}
  m_NavMeshLayer: 0
  m_StaticEditorFlags: 0
  m_IsActive: 1
--- !u!4 &464850
Transform:
  m_ObjectHideFlags: 1
  m_PrefabParentObject: {fileID: 0}
  m_PrefabInternal: {fileID: 100100000}
  m_GameObject: {fileID: 175606}
  m_LocalRotation: {x: 0, y: 0, z: -0.99999297, w: -0.0037615292}
  m_LocalPosition: {x: 8.542561, y: -195.63544, z: 0}
  m_LocalScale: {x: 1, y: 1, z: 1}
  m_Children: []
  m_Father: {fileID: 0}
  m_RootOrder: 0
--- !u!50 &5011162
Rigidbody2D:
  serializedVersion: 2
  m_ObjectHideFlags: 1
  m_PrefabParentObject: {fileID: 0}
  m_PrefabInternal: {fileID: 100100000}
  m_GameObject: {fileID: 175606}
  m_UseAutoMass: 0
  m_Mass: 0.05
  m_LinearDrag: 0.25
  m_AngularDrag: 0.25
  m_GravityScale: 1
  m_IsKinematic: 0
  m_Interpolate: 0
  m_SleepingMode: 1
  m_CollisionDetection: 0
  m_Constraints: 0
--- !u!61 &6192262
BoxCollider2D:
  m_ObjectHideFlags: 1
  m_PrefabParentObject: {fileID: 0}
  m_PrefabInternal: {fileID: 100100000}
  m_GameObject: {fileID: 175606}
  m_Enabled: 1
  m_Density: 1
  m_Material: {fileID: 0}
  m_IsTrigger: 0
  m_UsedByEffector: 0
  m_Offset: {x: -0.000024326397, y: -0.0064853528}
  serializedVersion: 2
  m_Size: {x: 1.9208826, y: 1.9632537}
--- !u!114 &11400618
MonoBehaviour:
  m_ObjectHideFlags: 1
  m_PrefabParentObject: {fileID: 0}
  m_PrefabInternal: {fileID: 100100000}
  m_GameObject: {fileID: 175606}
  m_Enabled: 1
  m_EditorHideFlags: 0
  m_Script: {fileID: 11500000, guid: 0f70d5c94536eaa41a2753924b8272e1, type: 3}
  m_Name: 
  m_EditorClassIdentifier: 
  resistance: 20
  damagedAppearance: {fileID: 21300014, guid: f92e9ff101ab81c4a8984941173a5f6f, type: 3}
  score: 200
  damageSpeedThreshold: 2
  particlePrefabs: {fileID: 146354, guid: f23233229c6436d48ae1814cd93ffbff, type: 2}
  scoreTextPrefab: {fileID: 189066, guid: dcd28bff9de717e4293e769513447b6f, type: 2}
  materialName: Wood
--- !u!212 &21226742
SpriteRenderer:
  m_ObjectHideFlags: 1
  m_PrefabParentObject: {fileID: 0}
  m_PrefabInternal: {fileID: 100100000}
  m_GameObject: {fileID: 175606}
  m_Enabled: 1
  m_CastShadows: 0
  m_ReceiveShadows: 0
  m_Materials:
  - {fileID: 10754, guid: 0000000000000000e000000000000000, type: 0}
  m_SubsetIndices: 
  m_StaticBatchRoot: {fileID: 0}
  m_UseLightProbes: 0
  m_ReflectionProbeUsage: 0
  m_ProbeAnchor: {fileID: 0}
  m_ScaleInLightmap: 1
  m_PreserveUVs: 0
  m_IgnoreNormalsForChartDetection: 0
  m_ImportantGI: 0
  m_MinimumChartSize: 4
  m_AutoUVMaxDistance: 0.5
  m_AutoUVMaxAngle: 89
  m_LightmapParameters: {fileID: 0}
  m_SortingLayerID: 0
  m_SortingOrder: 0
  m_Sprite: {fileID: 21300014, guid: f92e9ff101ab81c4a8984941173a5f6f, type: 3}
  m_Color: {r: 1, g: 1, b: 1, a: 1}
  m_FlipX: 0
  m_FlipY: 0
--- !u!1001 &100100000
Prefab:
  m_ObjectHideFlags: 1
  serializedVersion: 2
  m_Modification:
    m_TransformParent: {fileID: 0}
    m_Modifications:
    - target: {fileID: 0}
      propertyPath: m_Mass
      value: 0.05
      objectReference: {fileID: 0}
    - target: {fileID: 0}
      propertyPath: m_LinearDrag
      value: 0.25
      objectReference: {fileID: 0}
    - target: {fileID: 0}
      propertyPath: m_AngularDrag
      value: 0.25
      objectReference: {fileID: 0}
    - target: {fileID: 0}
      propertyPath: score
      value: 200
      objectReference: {fileID: 0}
    - target: {fileID: 0}
      propertyPath: materialName
      value: Wood
      objectReference: {fileID: 0}
    - target: {fileID: 0}
      propertyPath: scoreTextPrefab
      value: 
      objectReference: {fileID: 189066, guid: dcd28bff9de717e4293e769513447b6f, type: 2}
    m_RemovedComponents: []
  m_ParentPrefab: {fileID: 0}
  m_RootGameObject: {fileID: 175606}
  m_IsPrefabParent: 1
